
@inproceedings{reese2019,
  title={A Usability Study of Five $\{$Two-Factor$\}$ Authentication Methods},
  author={Reese, Ken and Smith, Trevor and Dutson, Jonathan and Armknecht, Jonathan and Cameron, Jacob and Seamons, Kent},
  booktitle={Fifteenth Symposium on Usable Privacy and Security (SOUPS 2019)},
  pages={357--370},
  year={2019},
  note="\url{https://www.usenix.org/conference/soups2019/presentation/reese}, accessed 2022-07-03"
}

@inproceedings{golla2021,
  title={Driving $\{$2FA$\}$ Adoption at Scale: Optimizing $\{$Two-Factor$\}$ Authentication Notification Design Patterns},
  author={Golla, Maximilian and Ho, Grant and Lohmus, Marika and Pulluri, Monica and Redmiles, Elissa M},
  booktitle={30th USENIX Security Symposium (USENIX Security 21)},
  pages={109--126},
  year={2021},
  note="\url{https://www.usenix.org/conference/usenixsecurity21/presentation/golla}, accessed 2022-07-03"
}
